% SEEDING :

@article{al2009improved,
  title={{Improved Automatic Detection \& Segmentation of Cell Nuclei in Histopathology Images.}},
  author={Al-Kofahi, Y. and Lassoued, W. and Lee, W. and Roysam, B.},
  journal={IEEE transactions on bio-medical engineering},
  year={2009}
}

@article{li20073,
  title={{3D cell nuclei segmentation based on gradient flow tracking}},
  author={Li, G. and Liu, T. and Tarokh, A. and Nie, J. and Guo, L. and Mara, A. and Holley, S. and Wong, S.T.C.},
  journal={BMC cell biology},
  volume={8},
  number={1},
  pages={40},
  year={2007},
  publisher={BioMed Central Ltd}
}

@article{loukas2003image,
  title={{An image analysis-based approach for automated counting of cancer cell nuclei in tissue sections}},
  author={Loukas, C.G. and Wilson, G.D. and Vojnovic, B. and Linney, A.},
  journal={Cytometry Part A},
  volume={55},
  number={1},
  pages={30--42},
  year={2003},
  publisher={John Wiley \& Sons}
}

@article{umesh2001efficient,
  title={{An efficient method based on watershed and rule-based merging for segmentation of 3-D histo-pathological images}},
  author={Umesh Adiga, P.S. and Chaudhuri, BB},
  journal={Pattern Recognition},
  volume={34},
  number={7},
  pages={1449--1458},
  year={2001},
  publisher={Elsevier}
}

@article{malpica1997applying,
  title={{Applying watershed algorithms to the segmentation of clustered nuclei}},
  author={Malpica, N. and de Sol{\'o}rzano, C.O. and Vaquero, J.J. and Santos, A. and Vallcorba, I. and Garc{\'\i}a-Sagredo, J.M. and del Pozo, F.},
  journal={Cytometry Part A},
  volume={28},
  number={4},
  pages={289--297},
  year={1997},
  publisher={John Wiley \& Sons}
}


@article{bajcsy1989multiresolution,
  title={{Multiresolution elastic matching*}},
  author={Bajcsy, R. and Kovacic, S.},
  journal={Computer Vision, Graphics, and Image Processing},
  volume={46},
  number={1},
  pages={1--21},
  year={1989},
  publisher={Elsevier}
}


@article{chang2007segmentation,
  title={{Segmentation of heterogeneous blob objects through voting and level set formulation}},
  author={Chang, H. and Yang, Q. and Parvin, B.},
  journal={Pattern recognition letters},
  volume={28},
  number={13},
  pages={1781--1787},
  year={2007},
  publisher={Elsevier}
}








%ITK

@article{beare2005finding,
  title={{Finding regional extrema-methods and performance}},
  author={Beare, R. and Lehmann, G.},
  year={2005}
}


@article{maurer2003linear,
  title={{A linear time algorithm for computing exact euclidean distance transforms of binary images in arbitrary dimensions}},
  author={Maurer Jr, C.R. and Qi, R. and Raghavan, V.},
  journal={IEEE Transactions on Pattern Analysis and Machine Intelligence},
  pages={265--270},
  year={2003},
  publisher={Published by the IEEE Computer Society}
}


%registration

@conference{mattes2001nonrigid,
  title={{Nonrigid multimodality image registration}},
  author={Mattes, D. and Haynor, D.R. and Vesselle, H. and Lewellyn, T.K. and Eubank, W.},
  booktitle={Proceedings of SPIE},
  volume={4322},
  pages={1609},
  year={2001}
}


@book{registrationCrossCorr,
 author = {Pratt, William K.},
 title = {Digital image processing (2nd ed.)},
 year = {1991},
 isbn = {0-471-85766-1},
 publisher = {John Wiley \& Sons, Inc.},
 address = {New York, NY, USA},
 }


%COMPARE

@article{AntoCompare,
  Author = "Perrot-Audet A. and Mosaliganti K. and Gelas A. and Rannou N. and Souhait L. and Megason S.",
  Title = "A simple Qt based comparison program for ITK and VTK images",
  Organization = "Harvard Medical School, Megason Lab",
   journal = {Insight Journal},
   Address = {http://www.midasjournal.org/},
   url            = {http://hdl.handle.net/10380/3196},
   year = 2010
 }
@TechReport{McCornic-VisualDebug,
  Author       = "McCormick, M.",
  Title           = "Visual Debugging of ITK",
  BookTitle   = "The Kitware Source",
  Organization   = "Kitware, Inc",
   Address = {http://www.kitware.com/products/thesource.html},
   url            = {http://www.kitware.com/products/thesource.html},
  Pages         = "3-6",
  year            = 2010,
  month        = "April",
  Issue          = 13,
}

@conference{vtkINRIA,
  Author="Toussaint, N. and Sermesant, M. and Fillard, P.",
  Title="vtkinria3d: A vtk extension for spatiotemporal data synchronization, visualization and management",
  BookTitle="Proc. of Workshop on Open Source and Open Data for MICCAI",
  Institution    = "INRIA",
}

@misc{vtkExamples,
  Author = "Doria, D. and VTK community",
  Title= "VTK Examples",
  url = {http://www.vtk.org/Wiki/VTK/Examples},
  howpublished = {\url {http://www.vtk.org/Wiki/VTK/Examples}},
}

@misc{refGofigure2,
  title={{\gofigure} Image Analysis},
  url = {http://gofigure2.sourceforge.net/},
  howpublished = {http://gofigure2.sourceforge.net/}
}

@misc{refQT,
  title = "QT - Cross-platform application an UI framework",
  url = {http://doc.trolltech.com/4.6/index.html},
  howpublished = {http://doc.trolltech.com/4.6/index.html}
}
@Manual{ITKSoftwareGuide,
  Title          = {The {ITK} {S}oftware {G}uide},
  Author         = {Ibanez, L. and Schroeder, W. and Ng, L. and Cates, J.},
  Organization   = "Kitware, Inc. ISBN 1-930934-10-6",
  Address        = {http://www.itk.org/ItkSoftwareGuide.pdf},
  url            = {http://www.itk.org/ItkSoftwareGuide.pdf},
  Publisher      = {Kitware Inc.},
  Edition        = {First},
  year           = 2003
}

%Sean

@misc{fraser2006method,
  title={{Method for creating fusion protein and conditional alleles}},
  author={Fraser, S.E. and Megason, S.},
  year={2006},
  month=oct # "~10",
  publisher={Google Patents},
  note={US Patent App. 11/546,517}
}

@article{megason2003digitizing,
  title={{Digitizing life at the level of the cell: high-performance laser-scanning microscopy and image analysis for in toto imaging of development}},
  author={Megason, S.G. and Fraser, S.E.},
  journal={Mechanisms of development},
  volume={120},
  number={11},
  pages={1407--1420},
  year={2003},
  publisher={Elsevier}
}


%Evaluation/comparaisons de GIT :
%descritpion comparaison centralisee non centralisee
%\url{http://informatique.in2p3.fr/?q=node/333}
%avantages de GIT :
%\url{http://www.whygitisbetterthanx.com/}
%\url{http://joshcarter.com/productivity/svn_hg_git_for_home_directory}
%\url{http://dev-heaven.net/wiki/20/Git_vs_SVN_comparison}




